%YAML 1.1
%TAG !u! tag:unity3d.com,2011:
--- !u!1 &831857866895107644
GameObject:
  m_ObjectHideFlags: 0
  m_CorrespondingSourceObject: {fileID: 0}
  m_PrefabInstance: {fileID: 0}
  m_PrefabAsset: {fileID: 0}
  serializedVersion: 6
  m_Component:
  - component: {fileID: 7097904248893374665}
  - component: {fileID: 868641610154674954}
  - component: {fileID: 6202087440417292137}
  - component: {fileID: 4849851126178434655}
  - component: {fileID: 1323027175942452129}
  - component: {fileID: 4634121659277282680}
  m_Layer: 0
  m_Name: Cube (14)
  m_TagString: Untagged
  m_Icon: {fileID: 0}
  m_NavMeshLayer: 0
  m_StaticEditorFlags: 0
  m_IsActive: 1
--- !u!4 &7097904248893374665
Transform:
  m_ObjectHideFlags: 0
  m_CorrespondingSourceObject: {fileID: 0}
  m_PrefabInstance: {fileID: 0}
  m_PrefabAsset: {fileID: 0}
  m_GameObject: {fileID: 831857866895107644}
  m_LocalRotation: {x: -0, y: -0.7071068, z: -0, w: 0.7071068}
  m_LocalPosition: {x: -91.472565, y: 20.546339, z: -8.968857}
  m_LocalScale: {x: 1, y: 0.5, z: 1}
  m_ConstrainProportionsScale: 0
  m_Children: []
  m_Father: {fileID: 808304952443456438}
  m_RootOrder: 1
  m_LocalEulerAnglesHint: {x: 0, y: -90, z: 0}
--- !u!114 &868641610154674954
MonoBehaviour:
  m_ObjectHideFlags: 0
  m_CorrespondingSourceObject: {fileID: 0}
  m_PrefabInstance: {fileID: 0}
  m_PrefabAsset: {fileID: 0}
  m_GameObject: {fileID: 831857866895107644}
  m_Enabled: 1
  m_EditorHideFlags: 0
  m_Script: {fileID: 11500000, guid: 8233d90336aea43098adf6dbabd606a2, type: 3}
  m_Name: 
  m_EditorClassIdentifier: 
  m_MeshFormatVersion: 2
  m_Faces:
  - m_Indexes: 000000000100000002000000010000000300000002000000
    m_SmoothingGroup: 0
    m_Uv:
      m_UseWorldSpace: 0
      m_FlipU: 0
      m_FlipV: 0
      m_SwapUV: 0
      m_Fill: 1
      m_Scale: {x: 1, y: 1}
      m_Offset: {x: 0, y: 0}
      m_Rotation: 0
      m_Anchor: 9
    m_Material: {fileID: 0}
    m_SubmeshIndex: 0
    m_ManualUV: 0
    elementGroup: -1
    m_TextureGroup: -1
  - m_Indexes: 040000000500000006000000050000000700000006000000
    m_SmoothingGroup: 0
    m_Uv:
      m_UseWorldSpace: 0
      m_FlipU: 0
      m_FlipV: 0
      m_SwapUV: 0
      m_Fill: 1
      m_Scale: {x: 1, y: 1}
      m_Offset: {x: 0, y: 0}
      m_Rotation: 0
      m_Anchor: 9
    m_Material: {fileID: 0}
    m_SubmeshIndex: 0
    m_ManualUV: 0
    elementGroup: -1
    m_TextureGroup: -1
  - m_Indexes: 08000000090000000a000000090000000b0000000a000000
    m_SmoothingGroup: 0
    m_Uv:
      m_UseWorldSpace: 0
      m_FlipU: 0
      m_FlipV: 0
      m_SwapUV: 0
      m_Fill: 1
      m_Scale: {x: 1, y: 1}
      m_Offset: {x: 0, y: 0}
      m_Rotation: 0
      m_Anchor: 9
    m_Material: {fileID: 0}
    m_SubmeshIndex: 0
    m_ManualUV: 0
    elementGroup: -1
    m_TextureGroup: -1
  - m_Indexes: 0c0000000d0000000e0000000d0000000f0000000e000000
    m_SmoothingGroup: 0
    m_Uv:
      m_UseWorldSpace: 0
      m_FlipU: 0
      m_FlipV: 0
      m_SwapUV: 0
      m_Fill: 1
      m_Scale: {x: 1, y: 1}
      m_Offset: {x: 0, y: 0}
      m_Rotation: 0
      m_Anchor: 9
    m_Material: {fileID: 0}
    m_SubmeshIndex: 0
    m_ManualUV: 0
    elementGroup: -1
    m_TextureGroup: -1
  - m_Indexes: 100000001100000012000000110000001300000012000000
    m_SmoothingGroup: 0
    m_Uv:
      m_UseWorldSpace: 0
      m_FlipU: 0
      m_FlipV: 0
      m_SwapUV: 0
      m_Fill: 1
      m_Scale: {x: 1, y: 1}
      m_Offset: {x: 0, y: 0}
      m_Rotation: 0
      m_Anchor: 9
    m_Material: {fileID: 0}
    m_SubmeshIndex: 0
    m_ManualUV: 0
    elementGroup: -1
    m_TextureGroup: -1
  - m_Indexes: 140000001500000016000000150000001700000016000000
    m_SmoothingGroup: 0
    m_Uv:
      m_UseWorldSpace: 0
      m_FlipU: 0
      m_FlipV: 0
      m_SwapUV: 0
      m_Fill: 1
      m_Scale: {x: 1, y: 1}
      m_Offset: {x: 0, y: 0}
      m_Rotation: 0
      m_Anchor: 9
    m_Material: {fileID: 0}
    m_SubmeshIndex: 0
    m_ManualUV: 0
    elementGroup: -1
    m_TextureGroup: -1
  m_SharedVertices:
  - m_Vertices: 000000000d00000016000000
  - m_Vertices: 010000000400000017000000
  - m_Vertices: 020000000f00000010000000
  - m_Vertices: 030000000600000011000000
  - m_Vertices: 050000000800000015000000
  - m_Vertices: 070000000a00000013000000
  - m_Vertices: 090000000c00000014000000
  - m_Vertices: 0b0000000e00000012000000
  m_SharedTextures: []
  m_Positions:
  - {x: -5.300531, y: 0, z: 1.0000113}
  - {x: 16.101616, y: 0.0000022498573, z: 0.99999976}
  - {x: -5.300531, y: 1.0000019, z: 1.0000113}
  - {x: 16.101616, y: 1.000002, z: 0.99999964}
  - {x: 16.101616, y: 0.0000022498573, z: 0.99999976}
  - {x: 16.101616, y: 0.0000022287618, z: -0.00000024899333}
  - {x: 16.101616, y: 1.000002, z: 0.99999964}
  - {x: 16.101616, y: 1.000002, z: -0.00000037347644}
  - {x: 16.101616, y: 0.0000022287618, z: -0.00000024899333}
  - {x: -5.300531, y: 0, z: 0.000011154529}
  - {x: 16.101616, y: 1.000002, z: -0.00000037347644}
  - {x: -5.300531, y: 1.0000019, z: 0.000011154529}
  - {x: -5.300531, y: 0, z: 0.000011154529}
  - {x: -5.300531, y: 0, z: 1.0000113}
  - {x: -5.300531, y: 1.0000019, z: 0.000011154529}
  - {x: -5.300531, y: 1.0000019, z: 1.0000113}
  - {x: -5.300531, y: 1.0000019, z: 1.0000113}
  - {x: 16.101616, y: 1.000002, z: 0.99999964}
  - {x: -5.300531, y: 1.0000019, z: 0.000011154529}
  - {x: 16.101616, y: 1.000002, z: -0.00000037347644}
  - {x: -5.300531, y: 0, z: 0.000011154529}
  - {x: 16.101616, y: 0.0000022287618, z: -0.00000024899333}
  - {x: -5.300531, y: 0, z: 1.0000113}
  - {x: 16.101616, y: 0.0000022498573, z: 0.99999976}
  m_Textures0:
  - {x: 5.3005314, y: 0}
  - {x: -16.101616, y: 0.0000022498573}
  - {x: 5.3005314, y: 1.0000019}
  - {x: -16.101616, y: 1.000002}
  - {x: 0.99999976, y: 0.0000022498573}
  - {x: -0.00000024899333, y: 0.0000022287618}
  - {x: 0.99999964, y: 1.000002}
  - {x: -0.00000037347644, y: 1.000002}
  - {x: 16.101616, y: 0.0000022287606}
  - {x: -5.300531, y: -1.0369808e-12}
  - {x: 16.101616, y: 1.000002}
  - {x: -5.300531, y: 1.0000019}
  - {x: -0.000011154529, y: 0}
  - {x: -1.0000113, y: 0}
  - {x: -0.000011154529, y: 1.0000019}
  - {x: -1.0000113, y: 1.0000019}
  - {x: -5.300531, y: 1.0000113}
  - {x: 16.101616, y: 0.99999964}
  - {x: -5.300531, y: 0.000011154529}
  - {x: 16.101616, y: -0.00000037347644}
  - {x: 5.300531, y: 0.000011154529}
  - {x: -16.101616, y: -0.00000024899333}
  - {x: 5.300531, y: 1.0000113}
  - {x: -16.101616, y: 0.99999976}
  m_Textures2: []
  m_Textures3: []
  m_Tangents:
  - {x: -1, y: 0, z: 0.000000540287, w: -1}
  - {x: -1, y: 3.3881326e-21, z: 0.00000054307196, w: -1}
  - {x: -1, y: 3.3881326e-21, z: 0.00000054307196, w: -1}
  - {x: -1, y: 6.776265e-21, z: 0.00000054585695, w: -1}
  - {x: 0, y: 0, z: 1, w: -1}
  - {x: 0, y: 0, z: 1, w: -1}
  - {x: 0, y: 0, z: 1, w: -1}
  - {x: 0, y: 0, z: 1, w: -1}
  - {x: 1, y: 0, z: -0.0000005328214, w: -1}
  - {x: 1, y: 0, z: -0.00000053572955, w: -1}
  - {x: 1, y: 0, z: -0.00000053572955, w: -1}
  - {x: 1, y: 0, z: -0.0000005386378, w: -1}
  - {x: 0, y: 0, z: -1, w: -1}
  - {x: 0, y: 0, z: -1, w: -1}
  - {x: 0, y: 0, z: -1, w: -1}
  - {x: 0, y: 0, z: -1, w: -1}
  - {x: 1, y: 0.000000005569969, z: 0, w: -1}
  - {x: 1, y: 0.0000000055699685, z: 0, w: -1}
  - {x: 1, y: 0.0000000055699685, z: 0, w: -1}
  - {x: 1, y: 0.0000000055699685, z: 0, w: -1}
  - {x: -1, y: -0.0000001041373, z: 0, w: -1}
  - {x: -1, y: -0.00000010463014, z: 0, w: -1}
  - {x: -1, y: -0.00000010463014, z: 0, w: -1}
  - {x: -1, y: -0.00000010512298, z: -1.4989256e-22, w: -1}
  m_Colors: []
  m_UnwrapParameters:
    m_HardAngle: 88
    m_PackMargin: 20
    m_AngleError: 8
    m_AreaError: 15
  m_PreserveMeshAssetOnDestroy: 0
  assetGuid: 
  m_Mesh: {fileID: 0}
  m_VersionIndex: 487
  m_IsSelectable: 1
  m_SelectedFaces: 
  m_SelectedEdges: []
  m_SelectedVertices: 
--- !u!114 &6202087440417292137
MonoBehaviour:
  m_ObjectHideFlags: 0
  m_CorrespondingSourceObject: {fileID: 0}
  m_PrefabInstance: {fileID: 0}
  m_PrefabAsset: {fileID: 0}
  m_GameObject: {fileID: 831857866895107644}
  m_Enabled: 1
  m_EditorHideFlags: 0
  m_Script: {fileID: 11500000, guid: 1ca002da428252441b92f28d83c8a65f, type: 3}
  m_Name: 
  m_EditorClassIdentifier: 
  m_Shape:
    rid: 237897288581120009
  m_Size: {x: 1, y: 1, z: 1}
  m_Rotation: {x: 0, y: 0, z: 0, w: 1}
  m_PivotLocation: 1
  m_PivotPosition: {x: 0, y: 0, z: 0}
  m_UnmodifiedMeshVersion: 17
  m_ShapeBox:
    m_Center: {x: 0.5, y: 0.5, z: 0.49999988}
    m_Extent: {x: 0.5, y: 0.49999997, z: 0.5}
  references:
    version: 2
    RefIds:
    - rid: 237897288581120009
      type: {class: Cube, ns: UnityEngine.ProBuilder.Shapes, asm: Unity.ProBuilder}
--- !u!23 &4849851126178434655
MeshRenderer:
  m_ObjectHideFlags: 0
  m_CorrespondingSourceObject: {fileID: 0}
  m_PrefabInstance: {fileID: 0}
  m_PrefabAsset: {fileID: 0}
  m_GameObject: {fileID: 831857866895107644}
  m_Enabled: 1
  m_CastShadows: 1
  m_ReceiveShadows: 1
  m_DynamicOccludee: 1
  m_StaticShadowCaster: 0
  m_MotionVectors: 1
  m_LightProbeUsage: 1
  m_ReflectionProbeUsage: 1
  m_RayTracingMode: 2
  m_RayTraceProcedural: 0
  m_RenderingLayerMask: 1
  m_RendererPriority: 0
  m_Materials:
  - {fileID: 2100000, guid: de7e9f58121609c4193611d23e10d6c5, type: 2}
  m_StaticBatchInfo:
    firstSubMesh: 0
    subMeshCount: 0
  m_StaticBatchRoot: {fileID: 0}
  m_ProbeAnchor: {fileID: 0}
  m_LightProbeVolumeOverride: {fileID: 0}
  m_ScaleInLightmap: 1
  m_ReceiveGI: 1
  m_PreserveUVs: 0
  m_IgnoreNormalsForChartDetection: 0
  m_ImportantGI: 0
  m_StitchLightmapSeams: 1
  m_SelectedEditorRenderState: 2
  m_MinimumChartSize: 4
  m_AutoUVMaxDistance: 0.5
  m_AutoUVMaxAngle: 89
  m_LightmapParameters: {fileID: 0}
  m_SortingLayerID: 0
  m_SortingLayer: 0
  m_SortingOrder: 0
  m_AdditionalVertexStreams: {fileID: 0}
--- !u!33 &1323027175942452129
MeshFilter:
  m_ObjectHideFlags: 0
  m_CorrespondingSourceObject: {fileID: 0}
  m_PrefabInstance: {fileID: 0}
  m_PrefabAsset: {fileID: 0}
  m_GameObject: {fileID: 831857866895107644}
  m_Mesh: {fileID: 0}
--- !u!64 &4634121659277282680
MeshCollider:
  m_ObjectHideFlags: 0
  m_CorrespondingSourceObject: {fileID: 0}
  m_PrefabInstance: {fileID: 0}
  m_PrefabAsset: {fileID: 0}
  m_GameObject: {fileID: 831857866895107644}
  m_Material: {fileID: 0}
  m_IsTrigger: 0
  m_Enabled: 1
  serializedVersion: 4
  m_Convex: 0
  m_CookingOptions: 30
  m_Mesh: {fileID: 0}
--- !u!1 &1954417468566974104
GameObject:
  m_ObjectHideFlags: 0
  m_CorrespondingSourceObject: {fileID: 0}
  m_PrefabInstance: {fileID: 0}
  m_PrefabAsset: {fileID: 0}
  serializedVersion: 6
  m_Component:
  - component: {fileID: 808304952443456438}
  m_Layer: 0
  m_Name: WindowGeneral
  m_TagString: Untagged
  m_Icon: {fileID: 0}
  m_NavMeshLayer: 0
  m_StaticEditorFlags: 0
  m_IsActive: 1
--- !u!4 &808304952443456438
Transform:
  m_ObjectHideFlags: 0
  m_CorrespondingSourceObject: {fileID: 0}
  m_PrefabInstance: {fileID: 0}
  m_PrefabAsset: {fileID: 0}
  m_GameObject: {fileID: 1954417468566974104}
  m_LocalRotation: {x: 0, y: 0, z: 0, w: 1}
  m_LocalPosition: {x: 322.59567, y: -4.9447794, z: 73.87534}
  m_LocalScale: {x: 1, y: 1, z: 1}
  m_ConstrainProportionsScale: 0
  m_Children:
  - {fileID: 2845523789101069037}
  - {fileID: 7097904248893374665}
  - {fileID: 7735295604938459904}
  - {fileID: 2178215764507168213}
  - {fileID: 5896709022909715467}
  m_Father: {fileID: 0}
  m_RootOrder: 0
  m_LocalEulerAnglesHint: {x: 0, y: 0, z: 0}
--- !u!1 &4038014886332347602
GameObject:
  m_ObjectHideFlags: 0
  m_CorrespondingSourceObject: {fileID: 0}
  m_PrefabInstance: {fileID: 0}
  m_PrefabAsset: {fileID: 0}
  serializedVersion: 6
  m_Component:
  - component: {fileID: 2845523789101069037}
  - component: {fileID: 3349965779335375769}
  - component: {fileID: 6010352382766633663}
  - component: {fileID: 1784425254135860978}
  - component: {fileID: 7101668985576270612}
  - component: {fileID: 7566912675004082096}
  m_Layer: 0
  m_Name: Cube (13)
  m_TagString: Untagged
  m_Icon: {fileID: 0}
  m_NavMeshLayer: 0
  m_StaticEditorFlags: 0
  m_IsActive: 1
--- !u!4 &2845523789101069037
Transform:
  m_ObjectHideFlags: 0
  m_CorrespondingSourceObject: {fileID: 0}
  m_PrefabInstance: {fileID: 0}
  m_PrefabAsset: {fileID: 0}
  m_GameObject: {fileID: 4038014886332347602}
  m_LocalRotation: {x: -0, y: -0, z: -0, w: 1}
  m_LocalPosition: {x: -333.19568, y: 21.04639, z: -103.4783}
  m_LocalScale: {x: 250, y: 1, z: 100}
  m_ConstrainProportionsScale: 0
  m_Children: []
  m_Father: {fileID: 808304952443456438}
  m_RootOrder: 0
  m_LocalEulerAnglesHint: {x: 0, y: 0, z: 0}
--- !u!114 &3349965779335375769
MonoBehaviour:
  m_ObjectHideFlags: 0
  m_CorrespondingSourceObject: {fileID: 0}
  m_PrefabInstance: {fileID: 0}
  m_PrefabAsset: {fileID: 0}
  m_GameObject: {fileID: 4038014886332347602}
  m_Enabled: 1
  m_EditorHideFlags: 0
  m_Script: {fileID: 11500000, guid: 8233d90336aea43098adf6dbabd606a2, type: 3}
  m_Name: 
  m_EditorClassIdentifier: 
  m_MeshFormatVersion: 2
  m_Faces:
  - m_Indexes: 000000000100000002000000010000000300000002000000
    m_SmoothingGroup: 0
    m_Uv:
      m_UseWorldSpace: 0
      m_FlipU: 0
      m_FlipV: 0
      m_SwapUV: 0
      m_Fill: 1
      m_Scale: {x: 1, y: 1}
      m_Offset: {x: 0, y: 0}
      m_Rotation: 0
      m_Anchor: 9
    m_Material: {fileID: 0}
    m_SubmeshIndex: 0
    m_ManualUV: 0
    elementGroup: -1
    m_TextureGroup: -1
  - m_Indexes: 040000000500000006000000050000000700000006000000
    m_SmoothingGroup: 0
    m_Uv:
      m_UseWorldSpace: 0
      m_FlipU: 0
      m_FlipV: 0
      m_SwapUV: 0
      m_Fill: 1
      m_Scale: {x: 1, y: 1}
      m_Offset: {x: 0, y: 0}
      m_Rotation: 0
      m_Anchor: 9
    m_Material: {fileID: 0}
    m_SubmeshIndex: 0
    m_ManualUV: 0
    elementGroup: -1
    m_TextureGroup: -1
  - m_Indexes: 08000000090000000a000000090000000b0000000a000000
    m_SmoothingGroup: 0
    m_Uv:
      m_UseWorldSpace: 0
      m_FlipU: 0
      m_FlipV: 0
      m_SwapUV: 0
      m_Fill: 1
      m_Scale: {x: 1, y: 1}
      m_Offset: {x: 0, y: 0}
      m_Rotation: 0
      m_Anchor: 9
    m_Material: {fileID: 0}
    m_SubmeshIndex: 0
    m_ManualUV: 0
    elementGroup: -1
    m_TextureGroup: -1
  - m_Indexes: 0c0000000d0000000e0000000d0000000f0000000e000000
    m_SmoothingGroup: 0
    m_Uv:
      m_UseWorldSpace: 0
      m_FlipU: 0
      m_FlipV: 0
      m_SwapUV: 0
      m_Fill: 1
      m_Scale: {x: 1, y: 1}
      m_Offset: {x: 0, y: 0}
      m_Rotation: 0
      m_Anchor: 9
    m_Material: {fileID: 0}
    m_SubmeshIndex: 0
    m_ManualUV: 0
    elementGroup: -1
    m_TextureGroup: -1
  - m_Indexes: 100000001100000012000000110000001300000012000000
    m_SmoothingGroup: 0
    m_Uv:
      m_UseWorldSpace: 0
      m_FlipU: 0
      m_FlipV: 0
      m_SwapUV: 0
      m_Fill: 1
      m_Scale: {x: 1, y: 1}
      m_Offset: {x: 0, y: 0}
      m_Rotation: 0
      m_Anchor: 9
    m_Material: {fileID: 0}
    m_SubmeshIndex: 0
    m_ManualUV: 0
    elementGroup: -1
    m_TextureGroup: -1
  - m_Indexes: 140000001500000016000000150000001700000016000000
    m_SmoothingGroup: 0
    m_Uv:
      m_UseWorldSpace: 0
      m_FlipU: 0
      m_FlipV: 0
      m_SwapUV: 0
      m_Fill: 1
      m_Scale: {x: 1, y: 1}
      m_Offset: {x: 0, y: 0}
      m_Rotation: 0
      m_Anchor: 9
    m_Material: {fileID: 0}
    m_SubmeshIndex: 0
    m_ManualUV: 0
    elementGroup: -1
    m_TextureGroup: -1
  m_SharedVertices:
  - m_Vertices: 000000000d00000016000000
  - m_Vertices: 010000000400000017000000
  - m_Vertices: 020000000f00000010000000
  - m_Vertices: 030000000600000011000000
  - m_Vertices: 050000000800000015000000
  - m_Vertices: 070000000a00000013000000
  - m_Vertices: 090000000c00000014000000
  - m_Vertices: 0b0000000e00000012000000
  m_SharedTextures: []
  m_Positions:
  - {x: 0.96529657, y: 0, z: 1.1011101}
  - {x: 0.9672968, y: 0, z: 1.1011101}
  - {x: 0.9652967, y: 15.90159, z: 1.1011101}
  - {x: 0.9672969, y: 15.90159, z: 1.1011101}
  - {x: 0.9672968, y: 0, z: 1.1011101}
  - {x: 0.96729696, y: 0, z: 0.89708966}
  - {x: 0.9672969, y: 15.90159, z: 1.1011101}
  - {x: 0.9672971, y: 15.90159, z: 0.89708966}
  - {x: 0.96729696, y: 0, z: 0.89708966}
  - {x: 0.9652967, y: 0, z: 0.89708966}
  - {x: 0.9672971, y: 15.90159, z: 0.89708966}
  - {x: 0.9652968, y: 15.90159, z: 0.89708966}
  - {x: 0.9652967, y: 0, z: 0.89708966}
  - {x: 0.96529657, y: 0, z: 1.1011101}
  - {x: 0.9652968, y: 15.90159, z: 0.89708966}
  - {x: 0.9652967, y: 15.90159, z: 1.1011101}
  - {x: 0.9652967, y: 15.90159, z: 1.1011101}
  - {x: 0.9672969, y: 15.90159, z: 1.1011101}
  - {x: 0.9652968, y: 15.90159, z: 0.89708966}
  - {x: 0.9672971, y: 15.90159, z: 0.89708966}
  - {x: 0.9652967, y: 0, z: 0.89708966}
  - {x: 0.96729696, y: 0, z: 0.89708966}
  - {x: 0.96529657, y: 0, z: 1.1011101}
  - {x: 0.9672968, y: 0, z: 1.1011101}
  m_Textures0:
  - {x: -0.96529657, y: 0}
  - {x: -0.9672968, y: 0}
  - {x: -0.9652967, y: 15.90159}
  - {x: -0.9672969, y: 15.90159}
  - {x: 1.1011093, y: 0.000000007251531}
  - {x: 0.8970888, y: 0.000000007251531}
  - {x: 1.1011093, y: 15.90159}
  - {x: 0.8970888, y: 15.90159}
  - {x: 0.96729696, y: 0}
  - {x: 0.9652967, y: 0}
  - {x: 0.9672971, y: 15.90159}
  - {x: 0.9652968, y: 15.90159}
  - {x: -0.8970891, y: 0.0000000072365336}
  - {x: -1.1011095, y: 0.0000000072365336}
  - {x: -0.8970891, y: 15.90159}
  - {x: -1.1011095, y: 15.90159}
  - {x: 0.9652967, y: 1.1011101}
  - {x: 0.9672969, y: 1.1011101}
  - {x: 0.9652968, y: 0.89708966}
  - {x: 0.9672971, y: 0.89708966}
  - {x: -0.9652967, y: 0.89708966}
  - {x: -0.96729696, y: 0.89708966}
  - {x: -0.96529657, y: 1.1011101}
  - {x: -0.9672968, y: 1.1011101}
  m_Textures2: []
  m_Textures3: []
  m_Tangents:
  - {x: -1, y: 0, z: 0, w: -1}
  - {x: -1, y: 0, z: 0, w: -1}
  - {x: -1, y: 0, z: 0, w: -1}
  - {x: -1, y: 0, z: 0, w: -1}
  - {x: -0.00000087645105, y: 0, z: 1, w: -1}
  - {x: -0.00000087645105, y: 0, z: 1, w: -1}
  - {x: -0.00000087645105, y: 0, z: 1, w: -1}
  - {x: -0.00000087645105, y: 0, z: 1, w: -1}
  - {x: 1, y: 0, z: 0, w: -1}
  - {x: 1, y: 0, z: 0, w: -1}
  - {x: 1, y: 0, z: 0, w: -1}
  - {x: 1, y: 0, z: 0, w: -1}
  - {x: 0.0000005843007, y: 4.2613746e-22, z: -1, w: -1}
  - {x: 0.0000005843007, y: 4.2613746e-22, z: -1, w: -1}
  - {x: 0.0000005843007, y: 4.2613746e-22, z: -1, w: -1}
  - {x: 0.0000005843007, y: 4.2613746e-22, z: -1, w: -1}
  - {x: 1, y: 0, z: 0, w: -1}
  - {x: 1, y: 0, z: 0, w: -1}
  - {x: 1, y: 0, z: 0, w: -1}
  - {x: 1, y: 0, z: 0, w: -1}
  - {x: -1, y: 0, z: 0, w: -1}
  - {x: -1, y: 0, z: 0, w: -1}
  - {x: -1, y: 0, z: 0, w: -1}
  - {x: -1, y: 0, z: 0, w: -1}
  m_Colors: []
  m_UnwrapParameters:
    m_HardAngle: 88
    m_PackMargin: 20
    m_AngleError: 8
    m_AreaError: 15
  m_PreserveMeshAssetOnDestroy: 0
  assetGuid: 
  m_Mesh: {fileID: 0}
  m_VersionIndex: 1947
  m_IsSelectable: 1
  m_SelectedFaces: 
  m_SelectedEdges: []
  m_SelectedVertices: 
--- !u!114 &6010352382766633663
MonoBehaviour:
  m_ObjectHideFlags: 0
  m_CorrespondingSourceObject: {fileID: 0}
  m_PrefabInstance: {fileID: 0}
  m_PrefabAsset: {fileID: 0}
  m_GameObject: {fileID: 4038014886332347602}
  m_Enabled: 1
  m_EditorHideFlags: 0
  m_Script: {fileID: 11500000, guid: 1ca002da428252441b92f28d83c8a65f, type: 3}
  m_Name: 
  m_EditorClassIdentifier: 
  m_Shape:
    rid: 237897288581120012
  m_Size: {x: 1, y: 1, z: 1}
  m_Rotation: {x: 0, y: 0, z: 0, w: 1}
  m_PivotLocation: 1
  m_PivotPosition: {x: 0, y: 0, z: 0}
  m_UnmodifiedMeshVersion: 17
  m_ShapeBox:
    m_Center: {x: 0.5, y: 0.5, z: 0.5}
    m_Extent: {x: 0.5, y: 0.5, z: 0.5}
  references:
    version: 2
    RefIds:
    - rid: 237897288581120012
      type: {class: Cube, ns: UnityEngine.ProBuilder.Shapes, asm: Unity.ProBuilder}
--- !u!23 &1784425254135860978
MeshRenderer:
  m_ObjectHideFlags: 0
  m_CorrespondingSourceObject: {fileID: 0}
  m_PrefabInstance: {fileID: 0}
  m_PrefabAsset: {fileID: 0}
  m_GameObject: {fileID: 4038014886332347602}
  m_Enabled: 1
  m_CastShadows: 1
  m_ReceiveShadows: 1
  m_DynamicOccludee: 1
  m_StaticShadowCaster: 0
  m_MotionVectors: 1
  m_LightProbeUsage: 1
  m_ReflectionProbeUsage: 1
  m_RayTracingMode: 2
  m_RayTraceProcedural: 0
  m_RenderingLayerMask: 1
  m_RendererPriority: 0
  m_Materials:
  - {fileID: 2100000, guid: 8e2505adffea3dd4494de7ae4d453386, type: 2}
  m_StaticBatchInfo:
    firstSubMesh: 0
    subMeshCount: 0
  m_StaticBatchRoot: {fileID: 0}
  m_ProbeAnchor: {fileID: 0}
  m_LightProbeVolumeOverride: {fileID: 0}
  m_ScaleInLightmap: 1
  m_ReceiveGI: 1
  m_PreserveUVs: 0
  m_IgnoreNormalsForChartDetection: 0
  m_ImportantGI: 0
  m_StitchLightmapSeams: 1
  m_SelectedEditorRenderState: 2
  m_MinimumChartSize: 4
  m_AutoUVMaxDistance: 0.5
  m_AutoUVMaxAngle: 89
  m_LightmapParameters: {fileID: 0}
  m_SortingLayerID: 0
  m_SortingLayer: 0
  m_SortingOrder: 0
  m_AdditionalVertexStreams: {fileID: 0}
--- !u!33 &7101668985576270612
MeshFilter:
  m_ObjectHideFlags: 0
  m_CorrespondingSourceObject: {fileID: 0}
  m_PrefabInstance: {fileID: 0}
  m_PrefabAsset: {fileID: 0}
  m_GameObject: {fileID: 4038014886332347602}
  m_Mesh: {fileID: 0}
--- !u!64 &7566912675004082096
MeshCollider:
  m_ObjectHideFlags: 0
  m_CorrespondingSourceObject: {fileID: 0}
  m_PrefabInstance: {fileID: 0}
  m_PrefabAsset: {fileID: 0}
  m_GameObject: {fileID: 4038014886332347602}
  m_Material: {fileID: 0}
  m_IsTrigger: 0
  m_Enabled: 1
  serializedVersion: 4
  m_Convex: 0
  m_CookingOptions: 30
  m_Mesh: {fileID: 0}
--- !u!1 &4879510420135854835
GameObject:
  m_ObjectHideFlags: 0
  m_CorrespondingSourceObject: {fileID: 0}
  m_PrefabInstance: {fileID: 0}
  m_PrefabAsset: {fileID: 0}
  serializedVersion: 6
  m_Component:
  - component: {fileID: 7735295604938459904}
  - component: {fileID: 8300577457953424375}
  - component: {fileID: 1893611287608724077}
  - component: {fileID: 1387509546454808432}
  - component: {fileID: 7470071859752873405}
  - component: {fileID: 2849585608339750389}
  m_Layer: 0
  m_Name: Cube (15)
  m_TagString: Untagged
  m_Icon: {fileID: 0}
  m_NavMeshLayer: 0
  m_StaticEditorFlags: 0
  m_IsActive: 1
--- !u!4 &7735295604938459904
Transform:
  m_ObjectHideFlags: 0
  m_CorrespondingSourceObject: {fileID: 0}
  m_PrefabInstance: {fileID: 0}
  m_PrefabAsset: {fileID: 0}
  m_GameObject: {fileID: 4879510420135854835}
  m_LocalRotation: {x: -0.5, y: -0.5, z: 0.5, w: 0.5}
  m_LocalPosition: {x: -91.472565, y: 25.84687, z: -13.769333}
  m_LocalScale: {x: 1, y: 0.5, z: 1}
  m_ConstrainProportionsScale: 0
  m_Children: []
  m_Father: {fileID: 808304952443456438}
  m_RootOrder: 2
  m_LocalEulerAnglesHint: {x: 0, y: -90, z: 90}
--- !u!114 &8300577457953424375
MonoBehaviour:
  m_ObjectHideFlags: 0
  m_CorrespondingSourceObject: {fileID: 0}
  m_PrefabInstance: {fileID: 0}
  m_PrefabAsset: {fileID: 0}
  m_GameObject: {fileID: 4879510420135854835}
  m_Enabled: 1
  m_EditorHideFlags: 0
  m_Script: {fileID: 11500000, guid: 8233d90336aea43098adf6dbabd606a2, type: 3}
  m_Name: 
  m_EditorClassIdentifier: 
  m_MeshFormatVersion: 2
  m_Faces:
  - m_Indexes: 000000000100000002000000010000000300000002000000
    m_SmoothingGroup: 0
    m_Uv:
      m_UseWorldSpace: 0
      m_FlipU: 0
      m_FlipV: 0
      m_SwapUV: 0
      m_Fill: 1
      m_Scale: {x: 1, y: 1}
      m_Offset: {x: 0, y: 0}
      m_Rotation: 0
      m_Anchor: 9
    m_Material: {fileID: 0}
    m_SubmeshIndex: 0
    m_ManualUV: 0
    elementGroup: -1
    m_TextureGroup: -1
  - m_Indexes: 040000000500000006000000050000000700000006000000
    m_SmoothingGroup: 0
    m_Uv:
      m_UseWorldSpace: 0
      m_FlipU: 0
      m_FlipV: 0
      m_SwapUV: 0
      m_Fill: 1
      m_Scale: {x: 1, y: 1}
      m_Offset: {x: 0, y: 0}
      m_Rotation: 0
      m_Anchor: 9
    m_Material: {fileID: 0}
    m_SubmeshIndex: 0
    m_ManualUV: 0
    elementGroup: -1
    m_TextureGroup: -1
  - m_Indexes: 08000000090000000a000000090000000b0000000a000000
    m_SmoothingGroup: 0
    m_Uv:
      m_UseWorldSpace: 0
      m_FlipU: 0
      m_FlipV: 0
      m_SwapUV: 0
      m_Fill: 1
      m_Scale: {x: 1, y: 1}
      m_Offset: {x: 0, y: 0}
      m_Rotation: 0
      m_Anchor: 9
    m_Material: {fileID: 0}
    m_SubmeshIndex: 0
    m_ManualUV: 0
    elementGroup: -1
    m_TextureGroup: -1
  - m_Indexes: 0c0000000d0000000e0000000d0000000f0000000e000000
    m_SmoothingGroup: 0
    m_Uv:
      m_UseWorldSpace: 0
      m_FlipU: 0
      m_FlipV: 0
      m_SwapUV: 0
      m_Fill: 1
      m_Scale: {x: 1, y: 1}
      m_Offset: {x: 0, y: 0}
      m_Rotation: 0
      m_Anchor: 9
    m_Material: {fileID: 0}
    m_SubmeshIndex: 0
    m_ManualUV: 0
    elementGroup: -1
    m_TextureGroup: -1
  - m_Indexes: 100000001100000012000000110000001300000012000000
    m_SmoothingGroup: 0
    m_Uv:
      m_UseWorldSpace: 0
      m_FlipU: 0
      m_FlipV: 0
      m_SwapUV: 0
      m_Fill: 1
      m_Scale: {x: 1, y: 1}
      m_Offset: {x: 0, y: 0}
      m_Rotation: 0
      m_Anchor: 9
    m_Material: {fileID: 0}
    m_SubmeshIndex: 0
    m_ManualUV: 0
    elementGroup: -1
    m_TextureGroup: -1
  - m_Indexes: 140000001500000016000000150000001700000016000000
    m_SmoothingGroup: 0
    m_Uv:
      m_UseWorldSpace: 0
      m_FlipU: 0
      m_FlipV: 0
      m_SwapUV: 0
      m_Fill: 1
      m_Scale: {x: 1, y: 1}
      m_Offset: {x: 0, y: 0}
      m_Rotation: 0
      m_Anchor: 9
    m_Material: {fileID: 0}
    m_SubmeshIndex: 0
    m_ManualUV: 0
    elementGroup: -1
    m_TextureGroup: -1
  m_SharedVertices:
  - m_Vertices: 000000000d00000016000000
  - m_Vertices: 010000000400000017000000
  - m_Vertices: 020000000f00000010000000
  - m_Vertices: 030000000600000011000000
  - m_Vertices: 050000000800000015000000
  - m_Vertices: 070000000a00000013000000
  - m_Vertices: 090000000c00000014000000
  - m_Vertices: 0b0000000e00000012000000
  m_SharedTextures: []
  m_Positions:
  - {x: -5.300531, y: 0, z: 1.0000113}
  - {x: 10.601061, y: 0, z: 1}
  - {x: -5.300531, y: 1.0000019, z: 1.0000113}
  - {x: 10.601061, y: 1, z: 1}
  - {x: 10.601061, y: 0, z: 1}
  - {x: 10.601061, y: 0, z: 0}
  - {x: 10.601061, y: 1, z: 1}
  - {x: 10.601061, y: 1, z: 0}
  - {x: 10.601061, y: 0, z: 0}
  - {x: -5.300531, y: 0, z: 0.000011154529}
  - {x: 10.601061, y: 1, z: 0}
  - {x: -5.300531, y: 1.0000019, z: 0.000011154529}
  - {x: -5.300531, y: 0, z: 0.000011154529}
  - {x: -5.300531, y: 0, z: 1.0000113}
  - {x: -5.300531, y: 1.0000019, z: 0.000011154529}
  - {x: -5.300531, y: 1.0000019, z: 1.0000113}
  - {x: -5.300531, y: 1.0000019, z: 1.0000113}
  - {x: 10.601061, y: 1, z: 1}
  - {x: -5.300531, y: 1.0000019, z: 0.000011154529}
  - {x: 10.601061, y: 1, z: 0}
  - {x: -5.300531, y: 0, z: 0.000011154529}
  - {x: 10.601061, y: 0, z: 0}
  - {x: -5.300531, y: 0, z: 1.0000113}
  - {x: 10.601061, y: 0, z: 1}
  m_Textures0:
  - {x: 5.3005314, y: 0}
  - {x: -10.60106, y: 0}
  - {x: 5.3005314, y: 1.0000019}
  - {x: -10.60106, y: 1}
  - {x: 1, y: 0}
  - {x: 0, y: 0}
  - {x: 1, y: 1}
  - {x: 0, y: 1}
  - {x: 10.601061, y: 0}
  - {x: -5.300531, y: 0}
  - {x: 10.601061, y: 1}
  - {x: -5.300531, y: 1.0000019}
  - {x: -0.000011154529, y: 0}
  - {x: -1.0000113, y: 0}
  - {x: -0.000011154529, y: 1.0000019}
  - {x: -1.0000113, y: 1.0000019}
  - {x: -5.300531, y: 1.0000113}
  - {x: 10.601061, y: 1}
  - {x: -5.300531, y: 0.000011154529}
  - {x: 10.601061, y: 0}
  - {x: 5.300531, y: 0.000011154529}
  - {x: -10.601061, y: 0}
  - {x: 5.300531, y: 1.0000113}
  - {x: -10.601061, y: 1}
  m_Textures2: []
  m_Textures3: []
  m_Tangents:
  - {x: -1, y: 0, z: 0.00000071218545, w: -1}
  - {x: -1, y: 0, z: 0.00000071218545, w: -1}
  - {x: -1, y: 0, z: 0.00000071218545, w: -1}
  - {x: -1, y: 0, z: 0.00000071218545, w: -1}
  - {x: 0, y: 0, z: 1, w: -1}
  - {x: 0, y: 0, z: 1, w: -1}
  - {x: 0, y: 0, z: 1, w: -1}
  - {x: 0, y: 0, z: 1, w: -1}
  - {x: 1, y: 0, z: -0.00000070147246, w: -1}
  - {x: 1, y: 0, z: -0.00000070147246, w: -1}
  - {x: 1, y: 0, z: -0.00000070147246, w: -1}
  - {x: 1, y: 0, z: -0.0000007014724, w: -1}
  - {x: 0, y: 0, z: -1, w: -1}
  - {x: 0, y: 0, z: -1, w: -1}
  - {x: 0, y: 0, z: -1, w: -1}
  - {x: 0, y: 0, z: -1, w: -1}
  - {x: 1, y: -0.00000011994702, z: 0, w: -1}
  - {x: 1, y: -0.00000011994702, z: 0, w: -1}
  - {x: 1, y: -0.00000011994702, z: 0, w: -1}
  - {x: 1, y: -0.00000011994702, z: 0, w: -1}
  - {x: -1, y: 0, z: 0, w: -1}
  - {x: -1, y: 0, z: 0, w: -1}
  - {x: -1, y: 0, z: 0, w: -1}
  - {x: -1, y: 0, z: 0, w: -1}
  m_Colors: []
  m_UnwrapParameters:
    m_HardAngle: 88
    m_PackMargin: 20
    m_AngleError: 8
    m_AreaError: 15
  m_PreserveMeshAssetOnDestroy: 0
  assetGuid: 
  m_Mesh: {fileID: 0}
  m_VersionIndex: 640
  m_IsSelectable: 1
  m_SelectedFaces: 
  m_SelectedEdges: []
  m_SelectedVertices: 
--- !u!114 &1893611287608724077
MonoBehaviour:
  m_ObjectHideFlags: 0
  m_CorrespondingSourceObject: {fileID: 0}
  m_PrefabInstance: {fileID: 0}
  m_PrefabAsset: {fileID: 0}
  m_GameObject: {fileID: 4879510420135854835}
  m_Enabled: 1
  m_EditorHideFlags: 0
  m_Script: {fileID: 11500000, guid: 1ca002da428252441b92f28d83c8a65f, type: 3}
  m_Name: 
  m_EditorClassIdentifier: 
  m_Shape:
    rid: 237897288581120009
  m_Size: {x: 1, y: 1, z: 1}
  m_Rotation: {x: 0, y: 0, z: 0, w: 1}
  m_PivotLocation: 1
  m_PivotPosition: {x: 0, y: 0, z: 0}
  m_UnmodifiedMeshVersion: 17
  m_ShapeBox:
    m_Center: {x: 0.5, y: 0.5, z: 0.49999988}
    m_Extent: {x: 0.5, y: 0.49999997, z: 0.5}
  references:
    version: 2
    RefIds:
    - rid: 237897288581120009
      type: {class: Cube, ns: UnityEngine.ProBuilder.Shapes, asm: Unity.ProBuilder}
--- !u!23 &1387509546454808432
MeshRenderer:
  m_ObjectHideFlags: 0
  m_CorrespondingSourceObject: {fileID: 0}
  m_PrefabInstance: {fileID: 0}
  m_PrefabAsset: {fileID: 0}
  m_GameObject: {fileID: 4879510420135854835}
  m_Enabled: 1
  m_CastShadows: 1
  m_ReceiveShadows: 1
  m_DynamicOccludee: 1
  m_StaticShadowCaster: 0
  m_MotionVectors: 1
  m_LightProbeUsage: 1
  m_ReflectionProbeUsage: 1
  m_RayTracingMode: 2
  m_RayTraceProcedural: 0
  m_RenderingLayerMask: 1
  m_RendererPriority: 0
  m_Materials:
  - {fileID: 2100000, guid: de7e9f58121609c4193611d23e10d6c5, type: 2}
  m_StaticBatchInfo:
    firstSubMesh: 0
    subMeshCount: 0
  m_StaticBatchRoot: {fileID: 0}
  m_ProbeAnchor: {fileID: 0}
  m_LightProbeVolumeOverride: {fileID: 0}
  m_ScaleInLightmap: 1
  m_ReceiveGI: 1
  m_PreserveUVs: 0
  m_IgnoreNormalsForChartDetection: 0
  m_ImportantGI: 0
  m_StitchLightmapSeams: 1
  m_SelectedEditorRenderState: 2
  m_MinimumChartSize: 4
  m_AutoUVMaxDistance: 0.5
  m_AutoUVMaxAngle: 89
  m_LightmapParameters: {fileID: 0}
  m_SortingLayerID: 0
  m_SortingLayer: 0
  m_SortingOrder: 0
  m_AdditionalVertexStreams: {fileID: 0}
--- !u!33 &7470071859752873405
MeshFilter:
  m_ObjectHideFlags: 0
  m_CorrespondingSourceObject: {fileID: 0}
  m_PrefabInstance: {fileID: 0}
  m_PrefabAsset: {fileID: 0}
  m_GameObject: {fileID: 4879510420135854835}
  m_Mesh: {fileID: 0}
--- !u!64 &2849585608339750389
MeshCollider:
  m_ObjectHideFlags: 0
  m_CorrespondingSourceObject: {fileID: 0}
  m_PrefabInstance: {fileID: 0}
  m_PrefabAsset: {fileID: 0}
  m_GameObject: {fileID: 4879510420135854835}
  m_Material: {fileID: 0}
  m_IsTrigger: 0
  m_Enabled: 1
  serializedVersion: 4
  m_Convex: 0
  m_CookingOptions: 30
  m_Mesh: {fileID: 0}
--- !u!1 &7603576767735973760
GameObject:
  m_ObjectHideFlags: 0
  m_CorrespondingSourceObject: {fileID: 0}
  m_PrefabInstance: {fileID: 0}
  m_PrefabAsset: {fileID: 0}
  serializedVersion: 6
  m_Component:
  - component: {fileID: 2178215764507168213}
  - component: {fileID: 3817703358915320098}
  - component: {fileID: 2277474703796958382}
  - component: {fileID: 6733104266840270765}
  - component: {fileID: 8847916622687859385}
  - component: {fileID: 1939878987769006678}
  m_Layer: 0
  m_Name: Cube (16)
  m_TagString: Untagged
  m_Icon: {fileID: 0}
  m_NavMeshLayer: 0
  m_StaticEditorFlags: 0
  m_IsActive: 1
--- !u!4 &2178215764507168213
Transform:
  m_ObjectHideFlags: 0
  m_CorrespondingSourceObject: {fileID: 0}
  m_PrefabInstance: {fileID: 0}
  m_PrefabAsset: {fileID: 0}
  m_GameObject: {fileID: 7603576767735973760}
  m_LocalRotation: {x: -0.5, y: -0.5, z: 0.5, w: 0.5}
  m_LocalPosition: {x: -91.472565, y: 25.84687, z: 7.0327454}
  m_LocalScale: {x: 1, y: 0.5, z: 1}
  m_ConstrainProportionsScale: 0
  m_Children: []
  m_Father: {fileID: 808304952443456438}
  m_RootOrder: 3
  m_LocalEulerAnglesHint: {x: 0, y: -90, z: 90}
--- !u!114 &3817703358915320098
MonoBehaviour:
  m_ObjectHideFlags: 0
  m_CorrespondingSourceObject: {fileID: 0}
  m_PrefabInstance: {fileID: 0}
  m_PrefabAsset: {fileID: 0}
  m_GameObject: {fileID: 7603576767735973760}
  m_Enabled: 1
  m_EditorHideFlags: 0
  m_Script: {fileID: 11500000, guid: 8233d90336aea43098adf6dbabd606a2, type: 3}
  m_Name: 
  m_EditorClassIdentifier: 
  m_MeshFormatVersion: 2
  m_Faces:
  - m_Indexes: 000000000100000002000000010000000300000002000000
    m_SmoothingGroup: 0
    m_Uv:
      m_UseWorldSpace: 0
      m_FlipU: 0
      m_FlipV: 0
      m_SwapUV: 0
      m_Fill: 1
      m_Scale: {x: 1, y: 1}
      m_Offset: {x: 0, y: 0}
      m_Rotation: 0
      m_Anchor: 9
    m_Material: {fileID: 0}
    m_SubmeshIndex: 0
    m_ManualUV: 0
    elementGroup: -1
    m_TextureGroup: -1
  - m_Indexes: 040000000500000006000000050000000700000006000000
    m_SmoothingGroup: 0
    m_Uv:
      m_UseWorldSpace: 0
      m_FlipU: 0
      m_FlipV: 0
      m_SwapUV: 0
      m_Fill: 1
      m_Scale: {x: 1, y: 1}
      m_Offset: {x: 0, y: 0}
      m_Rotation: 0
      m_Anchor: 9
    m_Material: {fileID: 0}
    m_SubmeshIndex: 0
    m_ManualUV: 0
    elementGroup: -1
    m_TextureGroup: -1
  - m_Indexes: 08000000090000000a000000090000000b0000000a000000
    m_SmoothingGroup: 0
    m_Uv:
      m_UseWorldSpace: 0
      m_FlipU: 0
      m_FlipV: 0
      m_SwapUV: 0
      m_Fill: 1
      m_Scale: {x: 1, y: 1}
      m_Offset: {x: 0, y: 0}
      m_Rotation: 0
      m_Anchor: 9
    m_Material: {fileID: 0}
    m_SubmeshIndex: 0
    m_ManualUV: 0
    elementGroup: -1
    m_TextureGroup: -1
  - m_Indexes: 0c0000000d0000000e0000000d0000000f0000000e000000
    m_SmoothingGroup: 0
    m_Uv:
      m_UseWorldSpace: 0
      m_FlipU: 0
      m_FlipV: 0
      m_SwapUV: 0
      m_Fill: 1
      m_Scale: {x: 1, y: 1}
      m_Offset: {x: 0, y: 0}
      m_Rotation: 0
      m_Anchor: 9
    m_Material: {fileID: 0}
    m_SubmeshIndex: 0
    m_ManualUV: 0
    elementGroup: -1
    m_TextureGroup: -1
  - m_Indexes: 100000001100000012000000110000001300000012000000
    m_SmoothingGroup: 0
    m_Uv:
      m_UseWorldSpace: 0
      m_FlipU: 0
      m_FlipV: 0
      m_SwapUV: 0
      m_Fill: 1
      m_Scale: {x: 1, y: 1}
      m_Offset: {x: 0, y: 0}
      m_Rotation: 0
      m_Anchor: 9
    m_Material: {fileID: 0}
    m_SubmeshIndex: 0
    m_ManualUV: 0
    elementGroup: -1
    m_TextureGroup: -1
  - m_Indexes: 140000001500000016000000150000001700000016000000
    m_SmoothingGroup: 0
    m_Uv:
      m_UseWorldSpace: 0
      m_FlipU: 0
      m_FlipV: 0
      m_SwapUV: 0
      m_Fill: 1
      m_Scale: {x: 1, y: 1}
      m_Offset: {x: 0, y: 0}
      m_Rotation: 0
      m_Anchor: 9
    m_Material: {fileID: 0}
    m_SubmeshIndex: 0
    m_ManualUV: 0
    elementGroup: -1
    m_TextureGroup: -1
  m_SharedVertices:
  - m_Vertices: 000000000d00000016000000
  - m_Vertices: 010000000400000017000000
  - m_Vertices: 020000000f00000010000000
  - m_Vertices: 030000000600000011000000
  - m_Vertices: 050000000800000015000000
  - m_Vertices: 070000000a00000013000000
  - m_Vertices: 090000000c00000014000000
  - m_Vertices: 0b0000000e00000012000000
  m_SharedTextures: []
  m_Positions:
  - {x: -5.300531, y: 0, z: 1.0000113}
  - {x: 10.601061, y: 0, z: 1}
  - {x: -5.300531, y: 1.0000019, z: 1.0000113}
  - {x: 10.601061, y: 1, z: 1}
  - {x: 10.601061, y: 0, z: 1}
  - {x: 10.601061, y: 0, z: 0}
  - {x: 10.601061, y: 1, z: 1}
  - {x: 10.601061, y: 1, z: 0}
  - {x: 10.601061, y: 0, z: 0}
  - {x: -5.300531, y: 0, z: 0.000011154529}
  - {x: 10.601061, y: 1, z: 0}
  - {x: -5.300531, y: 1.0000019, z: 0.000011154529}
  - {x: -5.300531, y: 0, z: 0.000011154529}
  - {x: -5.300531, y: 0, z: 1.0000113}
  - {x: -5.300531, y: 1.0000019, z: 0.000011154529}
  - {x: -5.300531, y: 1.0000019, z: 1.0000113}
  - {x: -5.300531, y: 1.0000019, z: 1.0000113}
  - {x: 10.601061, y: 1, z: 1}
  - {x: -5.300531, y: 1.0000019, z: 0.000011154529}
  - {x: 10.601061, y: 1, z: 0}
  - {x: -5.300531, y: 0, z: 0.000011154529}
  - {x: 10.601061, y: 0, z: 0}
  - {x: -5.300531, y: 0, z: 1.0000113}
  - {x: 10.601061, y: 0, z: 1}
  m_Textures0:
  - {x: 5.3005314, y: 0}
  - {x: -10.60106, y: 0}
  - {x: 5.3005314, y: 1.0000019}
  - {x: -10.60106, y: 1}
  - {x: 1, y: 0}
  - {x: 0, y: 0}
  - {x: 1, y: 1}
  - {x: 0, y: 1}
  - {x: 10.601061, y: 0}
  - {x: -5.300531, y: 0}
  - {x: 10.601061, y: 1}
  - {x: -5.300531, y: 1.0000019}
  - {x: -0.000011154529, y: 0}
  - {x: -1.0000113, y: 0}
  - {x: -0.000011154529, y: 1.0000019}
  - {x: -1.0000113, y: 1.0000019}
  - {x: -5.300531, y: 1.0000113}
  - {x: 10.601061, y: 1}
  - {x: -5.300531, y: 0.000011154529}
  - {x: 10.601061, y: 0}
  - {x: 5.300531, y: 0.000011154529}
  - {x: -10.601061, y: 0}
  - {x: 5.300531, y: 1.0000113}
  - {x: -10.601061, y: 1}
  m_Textures2: []
  m_Textures3: []
  m_Tangents:
  - {x: -1, y: 0, z: 0.00000071218545, w: -1}
  - {x: -1, y: 0, z: 0.00000071218545, w: -1}
  - {x: -1, y: 0, z: 0.00000071218545, w: -1}
  - {x: -1, y: 0, z: 0.00000071218545, w: -1}
  - {x: 0, y: 0, z: 1, w: -1}
  - {x: 0, y: 0, z: 1, w: -1}
  - {x: 0, y: 0, z: 1, w: -1}
  - {x: 0, y: 0, z: 1, w: -1}
  - {x: 1, y: 0, z: -0.00000070147246, w: -1}
  - {x: 1, y: 0, z: -0.00000070147246, w: -1}
  - {x: 1, y: 0, z: -0.00000070147246, w: -1}
  - {x: 1, y: 0, z: -0.0000007014724, w: -1}
  - {x: 0, y: 0, z: -1, w: -1}
  - {x: 0, y: 0, z: -1, w: -1}
  - {x: 0, y: 0, z: -1, w: -1}
  - {x: 0, y: 0, z: -1, w: -1}
  - {x: 1, y: -0.00000011994702, z: 0, w: -1}
  - {x: 1, y: -0.00000011994702, z: 0, w: -1}
  - {x: 1, y: -0.00000011994702, z: 0, w: -1}
  - {x: 1, y: -0.00000011994702, z: 0, w: -1}
  - {x: -1, y: 0, z: 0, w: -1}
  - {x: -1, y: 0, z: 0, w: -1}
  - {x: -1, y: 0, z: 0, w: -1}
  - {x: -1, y: 0, z: 0, w: -1}
  m_Colors: []
  m_UnwrapParameters:
    m_HardAngle: 88
    m_PackMargin: 20
    m_AngleError: 8
    m_AreaError: 15
  m_PreserveMeshAssetOnDestroy: 0
  assetGuid: 
  m_Mesh: {fileID: 0}
  m_VersionIndex: 643
  m_IsSelectable: 1
  m_SelectedFaces: 
  m_SelectedEdges: []
  m_SelectedVertices: 
--- !u!114 &2277474703796958382
MonoBehaviour:
  m_ObjectHideFlags: 0
  m_CorrespondingSourceObject: {fileID: 0}
  m_PrefabInstance: {fileID: 0}
  m_PrefabAsset: {fileID: 0}
  m_GameObject: {fileID: 7603576767735973760}
  m_Enabled: 1
  m_EditorHideFlags: 0
  m_Script: {fileID: 11500000, guid: 1ca002da428252441b92f28d83c8a65f, type: 3}
  m_Name: 
  m_EditorClassIdentifier: 
  m_Shape:
    rid: 237897288581120009
  m_Size: {x: 1, y: 1, z: 1}
  m_Rotation: {x: 0, y: 0, z: 0, w: 1}
  m_PivotLocation: 1
  m_PivotPosition: {x: 0, y: 0, z: 0}
  m_UnmodifiedMeshVersion: 17
  m_ShapeBox:
    m_Center: {x: 0.5, y: 0.5, z: 0.49999988}
    m_Extent: {x: 0.5, y: 0.49999997, z: 0.5}
  references:
    version: 2
    RefIds:
    - rid: 237897288581120009
      type: {class: Cube, ns: UnityEngine.ProBuilder.Shapes, asm: Unity.ProBuilder}
--- !u!23 &6733104266840270765
MeshRenderer:
  m_ObjectHideFlags: 0
  m_CorrespondingSourceObject: {fileID: 0}
  m_PrefabInstance: {fileID: 0}
  m_PrefabAsset: {fileID: 0}
  m_GameObject: {fileID: 7603576767735973760}
  m_Enabled: 1
  m_CastShadows: 1
  m_ReceiveShadows: 1
  m_DynamicOccludee: 1
  m_StaticShadowCaster: 0
  m_MotionVectors: 1
  m_LightProbeUsage: 1
  m_ReflectionProbeUsage: 1
  m_RayTracingMode: 2
  m_RayTraceProcedural: 0
  m_RenderingLayerMask: 1
  m_RendererPriority: 0
  m_Materials:
  - {fileID: 2100000, guid: de7e9f58121609c4193611d23e10d6c5, type: 2}
  m_StaticBatchInfo:
    firstSubMesh: 0
    subMeshCount: 0
  m_StaticBatchRoot: {fileID: 0}
  m_ProbeAnchor: {fileID: 0}
  m_LightProbeVolumeOverride: {fileID: 0}
  m_ScaleInLightmap: 1
  m_ReceiveGI: 1
  m_PreserveUVs: 0
  m_IgnoreNormalsForChartDetection: 0
  m_ImportantGI: 0
  m_StitchLightmapSeams: 1
  m_SelectedEditorRenderState: 2
  m_MinimumChartSize: 4
  m_AutoUVMaxDistance: 0.5
  m_AutoUVMaxAngle: 89
  m_LightmapParameters: {fileID: 0}
  m_SortingLayerID: 0
  m_SortingLayer: 0
  m_SortingOrder: 0
  m_AdditionalVertexStreams: {fileID: 0}
--- !u!33 &8847916622687859385
MeshFilter:
  m_ObjectHideFlags: 0
  m_CorrespondingSourceObject: {fileID: 0}
  m_PrefabInstance: {fileID: 0}
  m_PrefabAsset: {fileID: 0}
  m_GameObject: {fileID: 7603576767735973760}
  m_Mesh: {fileID: 0}
--- !u!64 &1939878987769006678
MeshCollider:
  m_ObjectHideFlags: 0
  m_CorrespondingSourceObject: {fileID: 0}
  m_PrefabInstance: {fileID: 0}
  m_PrefabAsset: {fileID: 0}
  m_GameObject: {fileID: 7603576767735973760}
  m_Material: {fileID: 0}
  m_IsTrigger: 0
  m_Enabled: 1
  serializedVersion: 4
  m_Convex: 0
  m_CookingOptions: 30
  m_Mesh: {fileID: 0}
--- !u!1 &9168534957790304275
GameObject:
  m_ObjectHideFlags: 0
  m_CorrespondingSourceObject: {fileID: 0}
  m_PrefabInstance: {fileID: 0}
  m_PrefabAsset: {fileID: 0}
  serializedVersion: 6
  m_Component:
  - component: {fileID: 5896709022909715467}
  - component: {fileID: 2925955071099606690}
  - component: {fileID: 8829279247646886501}
  - component: {fileID: 5401706653174179950}
  - component: {fileID: 2754075158584835523}
  - component: {fileID: 2853165903326653184}
  m_Layer: 0
  m_Name: Cube (17)
  m_TagString: Untagged
  m_Icon: {fileID: 0}
  m_NavMeshLayer: 0
  m_StaticEditorFlags: 0
  m_IsActive: 1
--- !u!4 &5896709022909715467
Transform:
  m_ObjectHideFlags: 0
  m_CorrespondingSourceObject: {fileID: 0}
  m_PrefabInstance: {fileID: 0}
  m_PrefabAsset: {fileID: 0}
  m_GameObject: {fileID: 9168534957790304275}
  m_LocalRotation: {x: -0, y: -0.7071068, z: -0, w: 0.7071068}
  m_LocalPosition: {x: -91.472565, y: 36.1479, z: -8.968857}
  m_LocalScale: {x: 1, y: 0.5, z: 1}
  m_ConstrainProportionsScale: 0
  m_Children: []
  m_Father: {fileID: 808304952443456438}
  m_RootOrder: 4
  m_LocalEulerAnglesHint: {x: 0, y: -90, z: 0}
--- !u!114 &2925955071099606690
MonoBehaviour:
  m_ObjectHideFlags: 0
  m_CorrespondingSourceObject: {fileID: 0}
  m_PrefabInstance: {fileID: 0}
  m_PrefabAsset: {fileID: 0}
  m_GameObject: {fileID: 9168534957790304275}
  m_Enabled: 1
  m_EditorHideFlags: 0
  m_Script: {fileID: 11500000, guid: 8233d90336aea43098adf6dbabd606a2, type: 3}
  m_Name: 
  m_EditorClassIdentifier: 
  m_MeshFormatVersion: 2
  m_Faces:
  - m_Indexes: 000000000100000002000000010000000300000002000000
    m_SmoothingGroup: 0
    m_Uv:
      m_UseWorldSpace: 0
      m_FlipU: 0
      m_FlipV: 0
      m_SwapUV: 0
      m_Fill: 1
      m_Scale: {x: 1, y: 1}
      m_Offset: {x: 0, y: 0}
      m_Rotation: 0
      m_Anchor: 9
    m_Material: {fileID: 0}
    m_SubmeshIndex: 0
    m_ManualUV: 0
    elementGroup: -1
    m_TextureGroup: -1
  - m_Indexes: 040000000500000006000000050000000700000006000000
    m_SmoothingGroup: 0
    m_Uv:
      m_UseWorldSpace: 0
      m_FlipU: 0
      m_FlipV: 0
      m_SwapUV: 0
      m_Fill: 1
      m_Scale: {x: 1, y: 1}
      m_Offset: {x: 0, y: 0}
      m_Rotation: 0
      m_Anchor: 9
    m_Material: {fileID: 0}
    m_SubmeshIndex: 0
    m_ManualUV: 0
    elementGroup: -1
    m_TextureGroup: -1
  - m_Indexes: 08000000090000000a000000090000000b0000000a000000
    m_SmoothingGroup: 0
    m_Uv:
      m_UseWorldSpace: 0
      m_FlipU: 0
      m_FlipV: 0
      m_SwapUV: 0
      m_Fill: 1
      m_Scale: {x: 1, y: 1}
      m_Offset: {x: 0, y: 0}
      m_Rotation: 0
      m_Anchor: 9
    m_Material: {fileID: 0}
    m_SubmeshIndex: 0
    m_ManualUV: 0
    elementGroup: -1
    m_TextureGroup: -1
  - m_Indexes: 0c0000000d0000000e0000000d0000000f0000000e000000
    m_SmoothingGroup: 0
    m_Uv:
      m_UseWorldSpace: 0
      m_FlipU: 0
      m_FlipV: 0
      m_SwapUV: 0
      m_Fill: 1
      m_Scale: {x: 1, y: 1}
      m_Offset: {x: 0, y: 0}
      m_Rotation: 0
      m_Anchor: 9
    m_Material: {fileID: 0}
    m_SubmeshIndex: 0
    m_ManualUV: 0
    elementGroup: -1
    m_TextureGroup: -1
  - m_Indexes: 100000001100000012000000110000001300000012000000
    m_SmoothingGroup: 0
    m_Uv:
      m_UseWorldSpace: 0
      m_FlipU: 0
      m_FlipV: 0
      m_SwapUV: 0
      m_Fill: 1
      m_Scale: {x: 1, y: 1}
      m_Offset: {x: 0, y: 0}
      m_Rotation: 0
      m_Anchor: 9
    m_Material: {fileID: 0}
    m_SubmeshIndex: 0
    m_ManualUV: 0
    elementGroup: -1
    m_TextureGroup: -1
  - m_Indexes: 140000001500000016000000150000001700000016000000
    m_SmoothingGroup: 0
    m_Uv:
      m_UseWorldSpace: 0
      m_FlipU: 0
      m_FlipV: 0
      m_SwapUV: 0
      m_Fill: 1
      m_Scale: {x: 1, y: 1}
      m_Offset: {x: 0, y: 0}
      m_Rotation: 0
      m_Anchor: 9
    m_Material: {fileID: 0}
    m_SubmeshIndex: 0
    m_ManualUV: 0
    elementGroup: -1
    m_TextureGroup: -1
  m_SharedVertices:
  - m_Vertices: 000000000d00000016000000
  - m_Vertices: 010000000400000017000000
  - m_Vertices: 020000000f00000010000000
  - m_Vertices: 030000000600000011000000
  - m_Vertices: 050000000800000015000000
  - m_Vertices: 070000000a00000013000000
  - m_Vertices: 090000000c00000014000000
  - m_Vertices: 0b0000000e00000012000000
  m_SharedTextures: []
  m_Positions:
  - {x: -5.300531, y: 0, z: 1.0000113}
  - {x: 16.101616, y: 0.0000022498573, z: 0.99999976}
  - {x: -5.300531, y: 1.0000019, z: 1.0000113}
  - {x: 16.101616, y: 1.000002, z: 0.99999964}
  - {x: 16.101616, y: 0.0000022498573, z: 0.99999976}
  - {x: 16.101616, y: 0.0000022287618, z: -0.00000024899333}
  - {x: 16.101616, y: 1.000002, z: 0.99999964}
  - {x: 16.101616, y: 1.000002, z: -0.00000037347644}
  - {x: 16.101616, y: 0.0000022287618, z: -0.00000024899333}
  - {x: -5.300531, y: 0, z: 0.000011154529}
  - {x: 16.101616, y: 1.000002, z: -0.00000037347644}
  - {x: -5.300531, y: 1.0000019, z: 0.000011154529}
  - {x: -5.300531, y: 0, z: 0.000011154529}
  - {x: -5.300531, y: 0, z: 1.0000113}
  - {x: -5.300531, y: 1.0000019, z: 0.000011154529}
  - {x: -5.300531, y: 1.0000019, z: 1.0000113}
  - {x: -5.300531, y: 1.0000019, z: 1.0000113}
  - {x: 16.101616, y: 1.000002, z: 0.99999964}
  - {x: -5.300531, y: 1.0000019, z: 0.000011154529}
  - {x: 16.101616, y: 1.000002, z: -0.00000037347644}
  - {x: -5.300531, y: 0, z: 0.000011154529}
  - {x: 16.101616, y: 0.0000022287618, z: -0.00000024899333}
  - {x: -5.300531, y: 0, z: 1.0000113}
  - {x: 16.101616, y: 0.0000022498573, z: 0.99999976}
  m_Textures0:
  - {x: 5.3005314, y: 0}
  - {x: -16.101616, y: 0.0000022498573}
  - {x: 5.3005314, y: 1.0000019}
  - {x: -16.101616, y: 1.000002}
  - {x: 0.99999976, y: 0.0000022498573}
  - {x: -0.00000024899333, y: 0.0000022287618}
  - {x: 0.99999964, y: 1.000002}
  - {x: -0.00000037347644, y: 1.000002}
  - {x: 16.101616, y: 0.0000022287606}
  - {x: -5.300531, y: -1.0369808e-12}
  - {x: 16.101616, y: 1.000002}
  - {x: -5.300531, y: 1.0000019}
  - {x: -0.000011154529, y: 0}
  - {x: -1.0000113, y: 0}
  - {x: -0.000011154529, y: 1.0000019}
  - {x: -1.0000113, y: 1.0000019}
  - {x: -5.300531, y: 1.0000113}
  - {x: 16.101616, y: 0.99999964}
  - {x: -5.300531, y: 0.000011154529}
  - {x: 16.101616, y: -0.00000037347644}
  - {x: 5.300531, y: 0.000011154529}
  - {x: -16.101616, y: -0.00000024899333}
  - {x: 5.300531, y: 1.0000113}
  - {x: -16.101616, y: 0.99999976}
  m_Textures2: []
  m_Textures3: []
  m_Tangents:
  - {x: -1, y: 0, z: 0.000000540287, w: -1}
  - {x: -1, y: 3.3881326e-21, z: 0.00000054307196, w: -1}
  - {x: -1, y: 3.3881326e-21, z: 0.00000054307196, w: -1}
  - {x: -1, y: 6.776265e-21, z: 0.00000054585695, w: -1}
  - {x: 0, y: 0, z: 1, w: -1}
  - {x: 0, y: 0, z: 1, w: -1}
  - {x: 0, y: 0, z: 1, w: -1}
  - {x: 0, y: 0, z: 1, w: -1}
  - {x: 1, y: 0, z: -0.0000005328214, w: -1}
  - {x: 1, y: 0, z: -0.00000053572955, w: -1}
  - {x: 1, y: 0, z: -0.00000053572955, w: -1}
  - {x: 1, y: 0, z: -0.0000005386378, w: -1}
  - {x: 0, y: 0, z: -1, w: -1}
  - {x: 0, y: 0, z: -1, w: -1}
  - {x: 0, y: 0, z: -1, w: -1}
  - {x: 0, y: 0, z: -1, w: -1}
  - {x: 1, y: 0.000000005569969, z: 0, w: -1}
  - {x: 1, y: 0.0000000055699685, z: 0, w: -1}
  - {x: 1, y: 0.0000000055699685, z: 0, w: -1}
  - {x: 1, y: 0.0000000055699685, z: 0, w: -1}
  - {x: -1, y: -0.0000001041373, z: 0, w: -1}
  - {x: -1, y: -0.00000010463014, z: 0, w: -1}
  - {x: -1, y: -0.00000010463014, z: 0, w: -1}
  - {x: -1, y: -0.00000010512298, z: -1.4989256e-22, w: -1}
  m_Colors: []
  m_UnwrapParameters:
    m_HardAngle: 88
    m_PackMargin: 20
    m_AngleError: 8
    m_AreaError: 15
  m_PreserveMeshAssetOnDestroy: 0
  assetGuid: 
  m_Mesh: {fileID: 0}
  m_VersionIndex: 490
  m_IsSelectable: 1
  m_SelectedFaces: 
  m_SelectedEdges: []
  m_SelectedVertices: 
--- !u!114 &8829279247646886501
MonoBehaviour:
  m_ObjectHideFlags: 0
  m_CorrespondingSourceObject: {fileID: 0}
  m_PrefabInstance: {fileID: 0}
  m_PrefabAsset: {fileID: 0}
  m_GameObject: {fileID: 9168534957790304275}
  m_Enabled: 1
  m_EditorHideFlags: 0
  m_Script: {fileID: 11500000, guid: 1ca002da428252441b92f28d83c8a65f, type: 3}
  m_Name: 
  m_EditorClassIdentifier: 
  m_Shape:
    rid: 237897288581120009
  m_Size: {x: 1, y: 1, z: 1}
  m_Rotation: {x: 0, y: 0, z: 0, w: 1}
  m_PivotLocation: 1
  m_PivotPosition: {x: 0, y: 0, z: 0}
  m_UnmodifiedMeshVersion: 17
  m_ShapeBox:
    m_Center: {x: 0.5, y: 0.5, z: 0.49999988}
    m_Extent: {x: 0.5, y: 0.49999997, z: 0.5}
  references:
    version: 2
    RefIds:
    - rid: 237897288581120009
      type: {class: Cube, ns: UnityEngine.ProBuilder.Shapes, asm: Unity.ProBuilder}
--- !u!23 &5401706653174179950
MeshRenderer:
  m_ObjectHideFlags: 0
  m_CorrespondingSourceObject: {fileID: 0}
  m_PrefabInstance: {fileID: 0}
  m_PrefabAsset: {fileID: 0}
  m_GameObject: {fileID: 9168534957790304275}
  m_Enabled: 1
  m_CastShadows: 1
  m_ReceiveShadows: 1
  m_DynamicOccludee: 1
  m_StaticShadowCaster: 0
  m_MotionVectors: 1
  m_LightProbeUsage: 1
  m_ReflectionProbeUsage: 1
  m_RayTracingMode: 2
  m_RayTraceProcedural: 0
  m_RenderingLayerMask: 1
  m_RendererPriority: 0
  m_Materials:
  - {fileID: 2100000, guid: de7e9f58121609c4193611d23e10d6c5, type: 2}
  m_StaticBatchInfo:
    firstSubMesh: 0
    subMeshCount: 0
  m_StaticBatchRoot: {fileID: 0}
  m_ProbeAnchor: {fileID: 0}
  m_LightProbeVolumeOverride: {fileID: 0}
  m_ScaleInLightmap: 1
  m_ReceiveGI: 1
  m_PreserveUVs: 0
  m_IgnoreNormalsForChartDetection: 0
  m_ImportantGI: 0
  m_StitchLightmapSeams: 1
  m_SelectedEditorRenderState: 2
  m_MinimumChartSize: 4
  m_AutoUVMaxDistance: 0.5
  m_AutoUVMaxAngle: 89
  m_LightmapParameters: {fileID: 0}
  m_SortingLayerID: 0
  m_SortingLayer: 0
  m_SortingOrder: 0
  m_AdditionalVertexStreams: {fileID: 0}
--- !u!33 &2754075158584835523
MeshFilter:
  m_ObjectHideFlags: 0
  m_CorrespondingSourceObject: {fileID: 0}
  m_PrefabInstance: {fileID: 0}
  m_PrefabAsset: {fileID: 0}
  m_GameObject: {fileID: 9168534957790304275}
  m_Mesh: {fileID: 0}
--- !u!64 &2853165903326653184
MeshCollider:
  m_ObjectHideFlags: 0
  m_CorrespondingSourceObject: {fileID: 0}
  m_PrefabInstance: {fileID: 0}
  m_PrefabAsset: {fileID: 0}
  m_GameObject: {fileID: 9168534957790304275}
  m_Material: {fileID: 0}
  m_IsTrigger: 0
  m_Enabled: 1
  serializedVersion: 4
  m_Convex: 0
  m_CookingOptions: 30
  m_Mesh: {fileID: 0}
